<?xml version="1.0" encoding="UTF-8"?>
<record xmlns="http://www.loc.gov/MARC21/slim" xmlns:xsi="http://www.w3.org/2001/XMLSchema-instance" xsi:schemaLocation="http://www.loc.gov/MARC21/slim http://www.loc.gov/standards/marcxml/schema/MARC21slim.xsd">
<leader>00000cam a22      a 4500</leader>
<controlfield tag="001">001676799</controlfield>
<controlfield tag="003">NNU</controlfield>
<controlfield tag="005">20160413161244.0</controlfield>
<controlfield tag="008">860929m19661969iq       b    000 0 ara</controlfield>
<datafield tag="010" ind1=" " ind2=" ">
<subfield code="a">ne 67001785</subfield>
</datafield>
<datafield tag="035" ind1=" " ind2=" ">
<subfield code="a">(OCoLC)21855077</subfield>
</datafield>
<datafield tag="040" ind1=" " ind2=" ">
<subfield code="a">DLC</subfield>
<subfield code="b">eng</subfield>
<subfield code="c">CUY</subfield>
<subfield code="d">CUS</subfield>
<subfield code="d">OSU</subfield>
<subfield code="d">DGU</subfield>
<subfield code="d">OCLCF</subfield>
<subfield code="d">OCLCO</subfield>
<subfield code="d">OCLCQ</subfield>
</datafield>
<datafield tag="041" ind1="1" ind2=" ">
<subfield code="a">araengfreger</subfield>
</datafield>
<datafield tag="043" ind1=" " ind2=" ">
<subfield code="a">a-iq---</subfield>
</datafield>
<datafield tag="050" ind1=" " ind2="4">
<subfield code="a">PJ7680</subfield>
<subfield code="b">.T6 1966</subfield>
</datafield>
<datafield tag="100" ind1="1" ind2=" ">
<subfield code="6">880-01</subfield>
<subfield code="a">Tikrītī, ʻAbd al-Raḥmān.</subfield>
</datafield>
<datafield tag="245" ind1="1" ind2="3">
<subfield code="6">880-02</subfield>
<subfield code="a">al-Amthāl al-Baghdādīyah al-muqāranah :</subfield>
<subfield code="b">muqāranah maʻa amthāl aḥad ʻashar qaṭran ʻArabīyan /</subfield>
<subfield code="c">taʼlīf ʻAbd al-Raḥmān al-Tikrītī.</subfield>
</datafield>
<datafield tag="246" ind1="1" ind2="5">
<subfield code="a">Comparative proverbs of Baghdad :</subfield>
<subfield code="b">compared with the proverbs of eleven Arab countries</subfield>
</datafield>
<datafield tag="260" ind1=" " ind2=" ">
<subfield code="6">880-03</subfield>
<subfield code="a">Baghdād :</subfield>
<subfield code="b">Maktabat al-Muthaná,</subfield>
<subfield code="c">[1966-1969]</subfield>
</datafield>
<datafield tag="300" ind1=" " ind2=" ">
<subfield code="a">4 volumes ;</subfield>
<subfield code="c">24 cm</subfield>
</datafield>
<datafield tag="336" ind1=" " ind2=" ">
<subfield code="a">text</subfield>
<subfield code="b">txt</subfield>
<subfield code="2">rdacontent</subfield>
</datafield>
<datafield tag="337" ind1=" " ind2=" ">
<subfield code="a">unmediated</subfield>
<subfield code="b">n</subfield>
<subfield code="2">rdamedia</subfield>
</datafield>
<datafield tag="338" ind1=" " ind2=" ">
<subfield code="a">volume</subfield>
<subfield code="b">nc</subfield>
<subfield code="2">rdacarrier</subfield>
</datafield>
<datafield tag="546" ind1=" " ind2=" ">
<subfield code="a">Text in Arabic with foreword by Meer S. Basri in English, French and German.</subfield>
</datafield>
<datafield tag="504" ind1=" " ind2=" ">
<subfield code="a">Includes bibliographical references.</subfield>
</datafield>
<datafield tag="505" ind1="0" ind2=" ">
<subfield code="a">1. Alif-Bāʼ. -- 2. Tā-Sīn. -- 3. Shīn-Lām. -- 4. Mīm-Yāʼ</subfield>
</datafield>
<datafield tag="650" ind1=" " ind2="0">
<subfield code="a">Proverbs, Arabic</subfield>
<subfield code="z">Iraq</subfield>
<subfield code="z">Baghdad.</subfield>
</datafield>
<datafield tag="650" ind1=" " ind2="0">
<subfield code="a">Proverbs, Arabic.</subfield>
</datafield>
<datafield tag="650" ind1=" " ind2="7">
<subfield code="a">Proverbs, Arabic.</subfield>
<subfield code="2">fast</subfield>
<subfield code="0">(OCoLC)fst01080229</subfield>
</datafield>
<datafield tag="651" ind1=" " ind2="7">
<subfield code="a">Iraq</subfield>
<subfield code="z">Baghdad.</subfield>
<subfield code="2">fast</subfield>
<subfield code="0">(OCoLC)fst01207444</subfield>
</datafield>
<datafield tag="776" ind1="0" ind2="8">
<subfield code="i">Online version:</subfield>
<subfield code="a">Tikrītī, ʻAbd al-Raḥmān.</subfield>
<subfield code="t">Amthāl al-Baghdādīyah al-muqāranah.</subfield>
<subfield code="d">Baghdād : Maktabat al-Muthaná, [1966-1969]</subfield>
<subfield code="w">(OCoLC)559063152</subfield>
</datafield>
<datafield tag="776" ind1="0" ind2="8">
<subfield code="i">Online version:</subfield>
<subfield code="a">Tikrītī, ʻAbd al-Raḥmān.</subfield>
<subfield code="t">Amthāl al-Baghdādīyah al-muqāranah.</subfield>
<subfield code="d">Baghdād : Maktabat al-Muthaná, [1966-1969]</subfield>
<subfield code="w">(OCoLC)608809087</subfield>
</datafield>
<datafield tag="880" ind1="1" ind2=" ">
<subfield code="6">100-01/</subfield>
<subfield code="a">تكريتي، عبد الرحمن.</subfield>
</datafield>
<datafield tag="880" ind1="1" ind2="2">
<subfield code="6">245-02/</subfield>
<subfield code="a">الأمثال البغدادية المقارنة :</subfield>
<subfield code="b">مقارنة مع أمثال احد عشر قطرا عربيا /</subfield>
<subfield code="c">تأليف عبد الرحمن التكريتي.</subfield>
</datafield>
<datafield tag="880" ind1=" " ind2=" ">
<subfield code="6">260-03/</subfield>
<subfield code="a">بغداد :</subfield>
<subfield code="b">مكتبة المثنى،</subfield>
<subfield code="c">[1966-1969]</subfield>
</datafield>
<datafield tag="OWN" ind1=" " ind2=" ">
<subfield code="a">GENERAL</subfield>
</datafield>
<datafield tag="AVA" ind1=" " ind2=" ">
<subfield code="a">NYU50</subfield>
<subfield code="b">BOBST</subfield>
<subfield code="c">Main Collection</subfield>
<subfield code="d">PN6519.A7 T55</subfield>
<subfield code="e">unavailable</subfield>
<subfield code="t">Unavailable</subfield>
<subfield code="f">1</subfield>
<subfield code="g">1</subfield>
<subfield code="h">Y</subfield>
<subfield code="i">0</subfield>
<subfield code="j">MAIN</subfield>
<subfield code="k">0</subfield>
</datafield>
</record>
